@article{tibshirani1996regression,
  title={Regression shrinkage and selection via the lasso},
  author={Tibshirani, Robert},
  journal={Journal of the Royal Statistical Society: Series B (Methodological)},
  volume={58},
  number={1},
  pages={267--288},
  year={1996},
  publisher={Wiley Online Library}
}

@article{yuan2006model,
  title={Model selection and estimation in regression with grouped variables},
  author={Yuan, Ming and Lin, Yi},
  journal={Journal of the Royal Statistical Society: Series B (Statistical Methodology)},
  volume={68},
  number={1},
  pages={49--67},
  year={2006},
  publisher={Wiley Online Library}
}

@article{zou2005regularization,
  title={Regularization and variable selection via the elastic net},
  author={Zou, Hui and Hastie, Trevor},
  journal={Journal of the royal statistical society: series B (statistical methodology)},
  volume={67},
  number={2},
  pages={301--320},
  year={2005},
  publisher={Wiley Online Library}
}

@article{friedman2007pathwise,
  title={Pathwise coordinate optimization},
  author={Friedman, Jerome and Hastie, Trevor and H{\"o}fling, Holger and Tibshirani, Robert and others},
  journal={The annals of applied statistics},
  volume={1},
  number={2},
  pages={302--332},
  year={2007},
  publisher={Institute of Mathematical Statistics}
}

@article{efron2004least,
  title={Least angle regression},
  author={Efron, Bradley and Hastie, Trevor and Johnstone, Iain and Tibshirani, Robert and others},
  journal={The Annals of statistics},
  volume={32},
  number={2},
  pages={407--499},
  year={2004},
  publisher={Institute of Mathematical Statistics}
}

@article{tibshirani2011regression,
  title={Regression shrinkage and selection via the lasso: a retrospective},
  author={Tibshirani, Robert},
  journal={Journal of the Royal Statistical Society: Series B (Statistical Methodology)},
  volume={73},
  number={3},
  pages={273--282},
  year={2011},
  publisher={Wiley Online Library}
}

@article{ghaoui2010safe,
  title={Safe feature elimination for the lasso and sparse supervised learning problems},
  author={Ghaoui, Laurent El and Viallon, Vivian and Rabbani, Tarek},
  journal={arXiv preprint arXiv:1009.4219},
  year={2010}
}

@inproceedings{wang2013lasso,
  title={Lasso screening rules via dual polytope projection},
  author={Wang, Jie and Zhou, Jiayu and Wonka, Peter and Ye, Jieping},
  booktitle={Advances in Neural Information Processing Systems},
  pages={1070--1078},
  year={2013}
}

@inproceedings{xiang2012fast,
  title={Fast lasso screening tests based on correlations},
  author={Xiang, Zhen James and Ramadge, Peter J},
  booktitle={2012 IEEE International Conference on Acoustics, Speech and Signal Processing (ICASSP)},
  pages={2137--2140},
  year={2012},
  organization={IEEE}
}

@inproceedings{xiang2011learning,
  title={Learning sparse representations of high dimensional data on large scale dictionaries},
  author={Xiang, Zhen J and Xu, Hao and Ramadge, Peter J},
  booktitle={Advances in neural information processing systems},
  pages={900--908},
  year={2011}
}

@article{zeng2017efficient,
  title={Efficient Feature Screening for Lasso-Type Problems via Hybrid Safe-Strong Rules},
  author={Zeng, Yaohui and Yang, Tianbao and Breheny, Patrick},
  journal={arXiv preprint arXiv:1704.08742},
  year={2017}
}

@article{zeng2017biglasso,
  title={The biglasso package: a memory-and computation-efficient solver for lasso model fitting with big data in R},
  author={Zeng, Yaohui and Breheny, Patrick},
  journal={arXiv preprint arXiv:1701.05936},
  year={2017}
}

@inproceedings{lee2007efficient,
  title={Efficient sparse coding algorithms},
  author={Lee, Honglak and Battle, Alexis and Raina, Rajat and Ng, Andrew Y},
  booktitle={Advances in neural information processing systems},
  pages={801--808},
  year={2007}
}

@article{qian2019fast,
  title={A Fast and Flexible Algorithm for Solving the Lasso in Large-scale and Ultrahigh-dimensional Problems},
  author={Qian, Junyang and Du, Wenfei and Tanigawa, Yosuke and Aguirre, Matthew and Tibshirani, Robert and Rivas, Manuel A and Hastie, Trevor},
  journal={BioRxiv},
  pages={630079},
  year={2019},
  publisher={Cold Spring Harbor Laboratory}
}